@article{Burrows2016,
doi = {10.1371/journal.pgen.1005793},
file = {:Users/davidknowles/Documents/Mendeley Desktop/Burrows et al/Unknown/Burrows et al. - 2016 - Genetic Variation , Not Cell Type of Origin , Underlies the Majority of Identifiable Regulatory Differences in i.PDF:PDF},
issn = {15537404},
author = {Burrows, Courtney K. and Banovich, Nicholas E. and Pavlovic, Bryan J. and Patterson, Kristen and {Gallego Romero}, Irene and Pritchard, Jonathan K. and Gilad, Yoav},
journal = {PLoS Genetics},
number = {1},
pages = {1--18},
pmid = {26812582},
title = {{Genetic Variation, Not Cell Type of Origin, Underlies the Majority of Identifiable Regulatory Differences in iPSCs}},
volume = {12},
year = {2016}
}

@article{Thomas2015,
author = {Thomas, Samantha M and Kagan, Courtney and Pavlovic, Bryan J and Burnett, Jonathan and Patterson, Kristen and Pritchard, Jonathan K and Gilad, Yoav},
doi = {10.1371/journal.pgen.1005216},
file = {:Users/davidknowles/Documents/Mendeley Desktop/Thomas et al/Unknown/Thomas et al. - 2015 - Reprogramming LCLs to iPSCs Results in Recovery of Donor-Specific Gene Expression Signature.PDF:PDF},
issn = {1553-7404},
journal = {PLoS genetics},
number = {5},
pages = {e1005216},
pmid = {25950834},
title = {{Reprogramming LCLs to iPSCs Results in Recovery of Donor-Specific Gene Expression Signature.}},
url = {http://www.pubmedcentral.nih.gov/articlerender.fcgi?artid=4423863{\&}tool=pmcentrez{\&}rendertype=abstract},
volume = {11},
year = {2015}
}

@article{davis2016efficient,
  title={An Efficient Multiple-Testing Adjustment for eQTL Studies that Accounts for Linkage Disequilibrium between Variants},
  author={Davis, Joe R and Fresard, Laure and Knowles, David A and Pala, Mauro and Bustamante, Carlos D and Battle, Alexis and Montgomery, Stephen B},
  journal={The American Journal of Human Genetics},
  volume={98},
  number={1},
  pages={216--224},
  year={2016},
  publisher={Elsevier}
}
